% INTERNODES method
@article{deparis,
    author = {Deparis, Simone and Forti, Davide and Quarteroni, Alfio},
    title = {A Rescaled Localized Radial Basis Function Interpolation on Non-Cartesian and Nonconforming Grids},
    journal = {SIAM Journal on Scientific Computing},
    year = {2014},

    volume = {36},
    number = {6},
    pages = {A2745-A2762},

    doi = {10.1137/130947179}
}

@article{voet,
    author = {Voet, Yannis and Anciaux, Guillaume and Deparis, Simone and Gervasio, Paola},
    title = {The INTERNODES method for applications in contact mechanics and dedicated preconditioning techniques},
    journal = {Computers \& Mathematics with Applications},
    year = {2022},

    volume = {127},
    pages = {48-64},

    doi = {10.1016/j.camwa.2022.09.019}
}

@book{johnson,
    author = {Johnson, Kenneth Langstreth},
    title = {Contact mechanics},
    year = {1985},
    publisher = {Cambridge University Press}
}

@mastersthesis{voetthesis,
  author  = {Voet, Yannis},
  title   = {On the preconditioning of the INTERNODES
matrix for applications in contact mechanics},
  school  = {EPFL},
  year    = {2021}
}

@bachelorsthesis{moritz,
  author  = {Waldleben, Moritz},
  title   = {Implementation of the INTERNODES method for contact mechanics},
  school  = {EPFL},
  year    = {2022}
}